%YAML 1.1
%TAG !u! tag:unity3d.com,2011:
--- !u!241 &24100000
AudioMixerController:
  m_ObjectHideFlags: 0
  m_PrefabParentObject: {fileID: 0}
  m_PrefabInternal: {fileID: 0}
  m_Name: mixer
  m_OutputGroup: {fileID: 0}
  m_MasterGroup: {fileID: 24300002}
  m_Snapshots:
  - {fileID: 24500006}
  m_StartSnapshot: {fileID: 24500006}
  m_SuspendThreshold: -80
  m_EnableSuspend: 1
  m_UpdateMode: 0
  m_ExposedParameters:
  - guid: b24ef1fbd80921a4796932fea4a1bd45
    name: MusicVolume
  - guid: 3793bf0b1f5ed364395b3bbf5ea8c1b1
    name: SFXVolume
  m_AudioMixerGroupViews:
  - guids:
    - 9ced68c4c523f1a42aea88dd484ca2f3
    - 451383bfcf1f0d6439fbb7f80e8368ca
    - 021a0aedd42a2a94c955a51fad9e0556
    - e3a354b7faa1e18439df934d0f447111
    name: View
  m_CurrentViewIndex: 0
  m_TargetSnapshot: {fileID: 24500006}
--- !u!243 &24300002
AudioMixerGroupController:
  m_ObjectHideFlags: 0
  m_PrefabParentObject: {fileID: 0}
  m_PrefabInternal: {fileID: 0}
  m_Name: Master
  m_AudioMixer: {fileID: 24100000}
  m_GroupID: 9ced68c4c523f1a42aea88dd484ca2f3
  m_Children:
  - {fileID: 243319199071417860}
  - {fileID: 243297792281778432}
  m_Volume: f841d52a9fd6b9741968dc11563738ce
  m_Pitch: 37f29e99cb1d1a142ae63279a3b566a6
  m_Effects:
  - {fileID: 24400004}
  m_UserColorIndex: 0
  m_Mute: 0
  m_Solo: 0
  m_BypassEffects: 0
--- !u!244 &24400004
AudioMixerEffectController:
  m_ObjectHideFlags: 3
  m_PrefabParentObject: {fileID: 0}
  m_PrefabInternal: {fileID: 0}
  m_Name: 
  m_EffectID: ea44fe501e8ab39448b5c799dfdb7325
  m_EffectName: Attenuation
  m_MixLevel: f5e75fab5ca70a241b3a499738f609fb
  m_Parameters: []
  m_SendTarget: {fileID: 0}
  m_EnableWetMix: 0
  m_Bypass: 0
--- !u!245 &24500006
AudioMixerSnapshotController:
  m_ObjectHideFlags: 0
  m_PrefabParentObject: {fileID: 0}
  m_PrefabInternal: {fileID: 0}
  m_Name: Snapshot
  m_AudioMixer: {fileID: 24100000}
  m_SnapshotID: 65956315095d0e749abf027edd32f923
  m_FloatValues:
    ef5c96b071c41bf42a7706a05f06ae07: 8
    bc091191832369e408687c0ed543e241: 1
    1efb7c9203404734e9f9f6b72c5f5227: 3
    db73cee5a10aab54a91d2dbda52ca15b: 1
    95a4b787135b6974db09bd0969fcb0a8: 45
    3793bf0b1f5ed364395b3bbf5ea8c1b1: 0
    a4dfb04b9e7535b41bfc2a901aeab604: 500
    2c28e25e89c637a4a8b8afafec8aa4cc: 1000
  m_TransitionOverrides: {}
--- !u!243 &243297792281778432
AudioMixerGroupController:
  m_ObjectHideFlags: 0
  m_PrefabParentObject: {fileID: 0}
  m_PrefabInternal: {fileID: 0}
  m_Name: SFX
  m_AudioMixer: {fileID: 24100000}
  m_GroupID: 021a0aedd42a2a94c955a51fad9e0556
  m_Children:
  - {fileID: 243831352132390672}
  m_Volume: 3793bf0b1f5ed364395b3bbf5ea8c1b1
  m_Pitch: db73cee5a10aab54a91d2dbda52ca15b
  m_Effects:
  - {fileID: 244569412771320774}
  m_UserColorIndex: 0
  m_Mute: 0
  m_Solo: 0
  m_BypassEffects: 0
--- !u!243 &243319199071417860
AudioMixerGroupController:
  m_ObjectHideFlags: 0
  m_PrefabParentObject: {fileID: 0}
  m_PrefabInternal: {fileID: 0}
  m_Name: Music
  m_AudioMixer: {fileID: 24100000}
  m_GroupID: 451383bfcf1f0d6439fbb7f80e8368ca
  m_Children: []
  m_Volume: b24ef1fbd80921a4796932fea4a1bd45
  m_Pitch: 1a2aa08f5a4e391408fe94354e92838c
  m_Effects:
  - {fileID: 244567391868610418}
  m_UserColorIndex: 0
  m_Mute: 0
  m_Solo: 0
  m_BypassEffects: 0
--- !u!243 &243831352132390672
AudioMixerGroupController:
  m_ObjectHideFlags: 0
  m_PrefabParentObject: {fileID: 0}
  m_PrefabInternal: {fileID: 0}
  m_Name: UI
  m_AudioMixer: {fileID: 24100000}
  m_GroupID: e3a354b7faa1e18439df934d0f447111
  m_Children: []
  m_Volume: 41eaedd829eb2094bb434a6c422a8974
  m_Pitch: bc091191832369e408687c0ed543e241
  m_Effects:
  - {fileID: 244712873540360170}
  - {fileID: 244728672673554364}
  m_UserColorIndex: 0
  m_Mute: 0
  m_Solo: 0
  m_BypassEffects: 0
--- !u!244 &244567391868610418
AudioMixerEffectController:
  m_ObjectHideFlags: 3
  m_PrefabParentObject: {fileID: 0}
  m_PrefabInternal: {fileID: 0}
  m_Name: 
  m_EffectID: 91925180e33d59b49acaba76d0583cf6
  m_EffectName: Attenuation
  m_MixLevel: f794ce78ac32e564ca8d227e131c922a
  m_Parameters: []
  m_SendTarget: {fileID: 0}
  m_EnableWetMix: 0
  m_Bypass: 0
--- !u!244 &244569412771320774
AudioMixerEffectController:
  m_ObjectHideFlags: 3
  m_PrefabParentObject: {fileID: 0}
  m_PrefabInternal: {fileID: 0}
  m_Name: 
  m_EffectID: e7a88f06ac754084a9f6ebc690b4df84
  m_EffectName: Attenuation
  m_MixLevel: 4e7cd0682c97df242bc96b95694ea1ab
  m_Parameters: []
  m_SendTarget: {fileID: 0}
  m_EnableWetMix: 0
  m_Bypass: 0
--- !u!244 &244712873540360170
AudioMixerEffectController:
  m_ObjectHideFlags: 3
  m_PrefabParentObject: {fileID: 0}
  m_PrefabInternal: {fileID: 0}
  m_Name: 
  m_EffectID: f06d950c8acf0544b9df7e32603f7855
  m_EffectName: Attenuation
  m_MixLevel: b878278657db59845914e60460e456a6
  m_Parameters: []
  m_SendTarget: {fileID: 0}
  m_EnableWetMix: 0
  m_Bypass: 0
--- !u!244 &244728672673554364
AudioMixerEffectController:
  m_ObjectHideFlags: 3
  m_PrefabParentObject: {fileID: 0}
  m_PrefabInternal: {fileID: 0}
  m_Name: 
  m_EffectID: 4fb79886e5793b34c9049fd5e9044c5d
  m_EffectName: Lowpass
  m_MixLevel: 1e682572c0c34ab4093cc8c5c14cd174
  m_Parameters:
  - m_ParameterName: Cutoff freq
    m_GUID: 2c28e25e89c637a4a8b8afafec8aa4cc
  - m_ParameterName: Resonance
    m_GUID: ef5c96b071c41bf42a7706a05f06ae07
  m_SendTarget: {fileID: 0}
  m_EnableWetMix: 0
  m_Bypass: 0
